@article{ahls2000,
   author    = {Rudolf Ahlswede and Ning Cai and Shuo-Yen Robert Li and Raymond Yeung},
   title     = {Network {I}nformation {F}low},
   journal   = {IEEE Transactions on Information Theory},
   volume    = 46,
   number    = 4,
   pages     = {1204--1216},
   month     = {July},
   year      = 2000
}

@article{appe1977,
	 author    = {Kenneth Appel and Wolfgang Haken},
	 title     = {Solution of the {F}our {C}olor {M}ap {P}roblem},
	 journal   = {Scientific American},
	 volume    = 237,
	 number    = 4,
	 pages     = {108--121},
	 year      = 1977
}

@inproceedings{bary2006,
   author    = {Ziv Bar-Yossef and Yitzhak Birk and Jayram Thathachar and Tomer Kol},
   title     = {Index {C}oding with {S}ide {I}nformation},
   booktitle = {Proceedings of the 47th Annual IEEE Symposium on Foundations of Computer Science},
   pages     = {197--206},
   month     = {October},
   year      = 2006
}

@article{beke1973,
   author    = {Jacob Bekenstein},
   title     = {Black {H}oles and {E}ntropy},
   journal   = {Physical Review D},
   volume    = 7,
   number    = 8,
   pages     = {2333--2346},
   month     = {April},
   year      = 1973,
   publisher = {American Physical Society}
}

@book{bigg1986,
   author    = {Norman Biggs and Keith Lloyd and Robin Wilson},
   title     = {Graph {T}heory, 1736--1936},
   year      = 1986,
   publisher = {Oxford University Press}
}

@article{bour1989,
	 author    = {Jean-Marie Bourjolly and William Pulleyblank},
	 title     = {K{\"{o}}nig--{E}gerv{\'a}ry {G}raphs, $2$-{B}icritical {G}raphs and {F}ractional {M}atchings},
	 journal   = {Discrete Applied Mathematics},
	 volume    = 24,
	 pages     = {63--82},
	 year      = 1989
}

@inproceedings{caiy2002,
   author    = {Ning Cai and Raymond Yeung},
   title     = {Secure {N}etwork {C}oding},
   journal   = {Proceedings of the 2002 IEEE International Symposium on Information Theory},
   pages     = 1,
   year      = 2002
}

@unpublished{came2007,
   author    = {Peter Cameron and S{\o}ren Riis and Taoyang Wu},
   title     = {On the {G}uessing {N}umber of {S}hift {G}raphs},
   note      = {submitted}
}

@article{cann2006,
	 author    = {Jillian Cannons and Randall Dougherty and Chris Freiling and Kenneth Zeger},
	 title     = {Network {R}outing {C}apacity},
	 journal   = {IEEE Transactions on Information Theory},
	 volume    = 52,
	 pages     = {777--788},
	 month     = {March},
	 year      = 2006
}

@article{chiu2006,
	 author    = {Dah Ming Chiu and Raymond Yeung and Jiaqing Huang and Bin Fang},
	 title     = {Can {N}etwork {C}oding {H}elp in {P2P} {N}etworks?},
	 journal   = {4th International Symposium on Modeling and Optimization in Mobile, Ad Hoc and Wireless Networks},
	 volume    = 52,
	 pages     = {1--5},
	 month     = {April},
	 year      = 2006
}

@misc{dant2007,
   author    = {Stefan Dantchev},
   note      = {personal communication},
   year      = 2007
}

@article{doug2005,
   author    = {Randall Dougherty and Chris Freiling and Kenneth Zeger},
   title     = {Insufficiency of {L}inear {C}oding in {N}etwork {I}nformation {F}low},
   journal   = {IEEE Transactions on Information Theory},
   volume    = 51,
   number    = 8,
   pages     = {2745--2759},
   month     = {August},
   year      = 2005
}

@article{doug2006,
   author    = {Randall Dougherty and Chris Freiling and Kenneth Zeger},
   title     = {Unachievability of {N}etwork {C}oding {C}apacity},
   journal   = {IEEE Transactions on Information Theory},
   volume    = 52,
   number    = 6,
   pages     = {2365--2372},
   month     = {June},
   year      = 2006
}

@article{edmo1965,
	 author    = {Jack Edmonds},
	 title     = {Paths, {T}rees and {F}lowers},
	 journal   = {Canadian Journal of Mathematics},
	 volume    = 17,
	 pages     = {449--467},
	 year      = 1965
}

@book{glei1990,
   author    = {James Gleick},
   title     = {Chaos},
   pages     = 256,
   year      = 1990,
   publisher = {Cardinal Books}
}

@inproceedings{hoka2003,
   author    = {Tracey Ho and David Karger and Muriel M{\'e}dard},
   title     = {Network {C}oding from a {N}etwork {F}low {P}erspective},
   booktitle = {Proceedings of the ISIT 2003},
   month     = {July},
	 year      = 2003
}

@article{koet2003,
   author    = {Ralf Koetter and Murial M{\'e}dard},
   title     = {An {A}lgebraic {A}pproach to {N}etwork {C}oding},
   journal   = {IEEE/ACM Transactions on Networking},
   volume    = 11,
   number    = 5,
   pages     = {782--795},
   month     = {October},
	 year      = 2003
}

@article{lars2006,
   author    = {Peter Larsson and Niklas Johansson},
   title     = {Multi-{U}ser {ARQ}},
   journal   = {Vehicular Technology Conference 2006},
   volume    = 4,
   pages     = {2052--2057},
   year      = 2006
}

@inproceedings{lehm2003,
   author    = {April Rasala Lehman and Eric Lehman},
   title     = {Complexity {C}lassification of {N}etwork {I}nformation {F}low {P}roblems},
   booktitle = {Proceedings of the 41st Annual Allerton Conference for Communication Control and Computing},
   volume    = 41,
   month     = {October},
   year      = 2003
}

@article{liuy2002,
   author    = {Yan Liu and Guizhen Liu},
   title     = {The {F}ractional {M}atching {N}umbers of {G}raphs},
   journal   = {Networks},
   volume    = 40,
   number    = 4,
   pages     = {228--231},
   month     = {December},
	 year      = 2002
}

@article{liye2003,
   author    = {Shuo-Yen Robert Li and Raymond Yeung and Ning Cai},
   title     = {Linear {N}etwork {C}oding},
   journal   = {IEEE Transactions on Information Theory},
   volume    = 49,
   number    = 2,
   pages     = {371--381},
   month     = {February},
   year      = 2003
}

@inproceedings{meda2003,
   author    = {Muriel M{\'e}dard and Michelle Effros and Tracey Ho and David Karger},
   title     = {On {C}oding for {N}on-{M}ulticast {N}etworks},
   booktitle = {Proceedings of the 41st Annual Allerton Conference for Communication Control and Computing},
   volume    = 41,
   pages     = {21--29},
   month     = {October},
   year      = 2003
}

@incollection{pull1989,
   author    = {William Pulleyblank},
   editor    = {George Nemhauser and Alexander Rinnooy Kan and Michael Todd},
   title     = {Optimization},
   booktitle = {Handbooks in Operations Research and Management Science},
   chapter   = {V},
   volume    = 1,
   pages     = {371--446},
   year      = 1989,
   publisher = {North-Holland}
}

@inproceedings{riah2004,
	 author    = {S{\o}ren Riis and Rudolf Ahlswede},
	 title     = {Problems in {N}etwork {C}oding and {E}rror {C}orrecting {C}odes},
	 journal   = {Proceedings of NetCod 2005},
	 month     = {April},
	 year      = 2005
}

@inproceedings{riis2004,
   author    = {S{\o}ren Riis},
   title     = {Linear versus {N}on-{L}inear {B}oolean {F}unctions in {N}etwork {F}low},
   booktitle = {Proceedings of CISS 2004},
   volume    = 38,
   month     = {March},
   year      = 2004
}

@inproceedings{riis2005info,
   author    = {S{\o}ren Riis},
   title     = {Information {F}lows, {G}raphs and {T}heir {G}uessing {N}umbers},
   booktitle = {4th International Symposium on Modeling and Optimization in Mobile, Ad Hoc and Wireless Networks},
   month     = {April},
   year      = 2006
}

@unpublished{riis2005util,
   author    = {S{\o}ren Riis},
   title     = {Utilising {P}ublic {I}nformation in {N}etwork {C}oding},
   note      = {submitted},
   month     = {June},
   year      = 2005
}

@misc{riis2007,
   author    = {S{\o}ren Riis},
   note      = {personal communication},
   year      = 2007
}

@inproceedings{sagd2005,
	 author    = {Yalin Sagduyu and Anthony Ephremides},
	 title     = {Joint {S}cheduling and {W}ireless {N}etwork {C}oding},
	 journal   = {Proceedings of NetCod 2005},
	 month     = {April},
	 year      = 2005
}

@book{schn1996,
   author    = {Bruce Schneier},
   title     = {Applied {C}ryptography},
   edition   = {Second},
   pages     = 234,
   year      = 1996,
   publisher = {John Wiley \& Sons}
}

@article{shan1948,
   author    = {Claude Shannon},
	 title     = {A {M}athematical {T}heory of {C}ommunication},
	 journal   = {The Bell System Technical Journal},
	 month     = {October},
	 year      = 1948
}

@inproceedings{vali1975,
   author    = {Leslie Valiant},
   title     = {On {N}on-{L}inear {B}ounds in {C}omputational {C}omplexity},
   booktitle = {Proceedings of 7th annual ACM symposium on Theory of Computing},
   pages     = {45--53},
   month     = {May},
   year      = 1975
}

@incollection{weyl1935,
	 author    = {Hermann Weyl},
	 title     = {The {E}lementary {T}heory of {C}onvex {P}olyhedra},
	 booktitle = {Contributions to the Theory of Games, Volume I},
	 editor    = {Harold Kuhn and Albert Tucker},
	 volume    = 7,
	 pages     = {290--306},
	 year      = 1950,
	 publisher = {Princeton University Press}
}

@book{wils2003,
   author    = {Robin Wilson},
   title     = {Four {C}olours {S}uffice},
   edition   = {Third},
   pages     = 3,
   year      = 2003,
   publisher = {The Penguin Group}
}

@article{yeun1999,
	 author    = {Raymond Yeung and Zhen Zhang},
	 title     = {Distributed {S}ource {C}oding for {S}atellite {C}ommunications},
	 journal   = {IEEE Transactions on Information Theory},
	 volume    = 45,
	 number    = 4,
	 pages     = {1111--1120},
	 month     = {May},
	 year      = 1999
}